@BOOK{restful,
	title = "Restful Java with Jax-RS",
	author = "Bill Burke",
	publisher = "O’Reilly Media",
	year = "2009"
}

@BOOK{bpm,
	title = "Essential Business Process Modeling",
	author = "Mike Havey",
	publisher = "O’Reilly Media",
	year = "2005"
}

@BOOK{roo,
	title = "Getting Started with Roo",
	author = "Josh Long and Steve Mayzak",
	publisher = "O’Reilly Media",
	year = "2011"
}

@misc{bpmn,
  title = {Business Process Model and Notation (BPMN)},
  author = {OMG},
  url = {http://www.omg.org/spec/BPMN/2.0},
  type = {specification},
  month = {January},
  year = "2011"
}

@PhdThesis{archstyles,
  author = "Roy Thomas Fielding",
  title = "Architectural Styles and the Design of Network-based Software Architectures",
  school = "UNIVERSITY OF CALIFORNIA, IRVINE",
  year = "2000"
}

@misc{httpcodes,
author = {RFC 2616 Fielding, et al.},
title = {part of Hypertext Transfer Protocol -- HTTP/1.1},
url = {http://www.w3.org/Protocols/rfc2616/rfc2616-sec10.html},
type = {web page}
}

@misc{uri,
author = {Xerox},
title = {Request for Comments: 2396},
url = {http://www.ietf.org/rfc/rfc2396.txt},
type = {web page},
month = "August",
year = "1998"
}

@misc{httppatch,
author = {Linden Lab},
title = {PATCH Method for HTTP draft-dusseault-http-patch-16},
url = {http://tools.ietf.org/html/draft-dusseault-http-patch-16},
type = {web page},
month = "November",
year = "2009"
}

@misc{msdnpatchmerge,
author = {Microsoft},
title = {MSDN 2.2.4.1 PATCH/MERGE},
url = {http://msdn.microsoft.com/en-us/library/\\dd541276(v=prot.10).aspx},
type = {web page}
}

@misc{msdnunit,
author = {Microsoft},
title = {Unit Testing},
url = {http://msdn.microsoft.com/en-us/library/aa292197(v=vs.71)},
type = {web page}
}

@misc{msdnintegration,
author = {Microsoft},
title = {Integration Testing},
url = {http://msdn.microsoft.com/en-us/library/aa292128(v=vs.71).aspx},
type = {web page}
}

@misc{msdnregression,
author = {Microsoft},
title = {Regression Testing},
url = {http://msdn.microsoft.com/en-us/library/aa292167(v=vs.71)},
type = {web page}
}

@misc{msdntdd,
author = {Microsoft},
title = {Guidelines for Test-Driven Development},
url = {http://msdn.microsoft.com/en-us/library/aa730844(v=vs.80).aspx},
type = {web page}
}

@misc{rfc2616,
author = {Compaq/W3C and W3C/MIT and Xerox and Microsoft},
title = {Request for Comments: 2616},
url = {http://www.ietf.org/rfc/rfc2616.txt},
type = {web page},
month = "June",
year = "1999"
}

@misc{jbpm,
author = {The jBPM team},
title = {jBPM User Guide},
url = {http://docs.jboss.org/jbpm/v5.3/userguide/},
type = {web page},
month = "May",
year = "2012"
}

@misc{oracle_architecture_standards,
author = {Pat Shepherd},
title = {Architecture Standards – BPMN vs. BPEL for Business Process Management},
url = {https://blogs.oracle.com/enterprisearchitecture/\\entry/architecture\_standards\_bpmn\_vs},
type = {web page},
month = "March",
year = "2011"
}

@misc{oracle_jee,
author = {Oracle},
title = {Java EE 6 Technologies},
url = {http://www.oracle.com/technetwork/java/javaee/tech/index.html},
type = {web page},
year = "2009"
}

@misc{ms_bpmn_bpel,
author = {M&S CONSULTING},
title = {BPMN 2.0 vs BPEL (Oracle BPM VS SOA Suite)},
url = {http://www.mandsconsulting.com/\\bpmn-20-vs-bpel-oracle-bpm-vs-soa-suite},
type = {web page},
month = "September",
year = "2010"
}

@misc{ant,
author = {Apache Ant},
title = {Apache Ant},
url = {http://ant.apache.org/},
type = {web page},
year = "2000-2012"
}

@misc{ivy,
author = {Apache Ivy},
title = {Apache Ivy},
url = {http://ant.apache.org/ivy},
type = {web page},
year = "2012"
}

@misc{maven,
author = {Brett Porter and Jason van Zyl},
title = {Apache Maven Project},
url = {http://maven.apache.org/},
type = {web page},
year = "2002-2012"
}
